<?xml version="1.0" encoding="UTF-8"?><record xmlns="http://www.loc.gov/MARC21/slim" xmlns:cinclude="http://apache.org/cocoon/include/1.0" xmlns:zs="http://www.loc.gov/zing/srw/">
  <leader>00732cz  a2200181n  4500</leader>
  <controlfield tag="001">n  00088148 </controlfield>
  <controlfield tag="003">DLC</controlfield>
  <controlfield tag="005">20110219074627.0</controlfield>
  <controlfield tag="008">000626n| acannaabn          |a ana      </controlfield>
  <datafield tag="010" ind1=" " ind2=" ">
    <subfield code="a">n  00088148 </subfield>
  </datafield>
  <datafield tag="035" ind1=" " ind2=" ">
    <subfield code="a">(OCoLC)oca05248228</subfield>
  </datafield>
  <datafield tag="040" ind1=" " ind2=" ">
    <subfield code="a">DLC</subfield>
    <subfield code="b">eng</subfield>
    <subfield code="c">DLC</subfield>
    <subfield code="d">DLC</subfield>
    <subfield code="d">NN</subfield>
  </datafield>
  <datafield tag="110" ind1="2" ind2=" ">
    <subfield code="a">Pan African Orthodox Christian Church</subfield>
  </datafield>
  <datafield tag="410" ind1="2" ind2=" ">
    <subfield code="a">P.A.O.C.C.</subfield>
  </datafield>
  <datafield tag="410" ind1="2" ind2=" ">
    <subfield code="a">PAOCC</subfield>
  </datafield>
  <datafield tag="510" ind1="2" ind2=" ">
    <subfield code="w">a</subfield>
    <subfield code="a">Black Christian Nationalist Movement</subfield>
  </datafield>
  <datafield tag="670" ind1=" " ind2=" ">
    <subfield code="a">McIntosh, Shelly. Genesis II, 2000:</subfield>
    <subfield code="b">pref. (Pan African Orthodox Christian Church; P.A.O.C.C.) glos. (PAOCC)</subfield>
  </datafield>
  <datafield tag="670" ind1=" " ind2=" ">
    <subfield code="a">Mtoto House: vision to victory, 2005:</subfield>
    <subfield code="b">p. 1 (In the 1970s ... the name has been changed from the Black Christian Nationalist Movement to the Pan African Orthodox Christian Church)</subfield>
  </datafield>
</record>